@misc{wikiros,
  title = {Robot Operating System},
  howpublished = "\url{http://wiki.ros.org/}",
  year = {2007}, 
  note = "Hydro Edition"
}

@manual{ldc1000evm,
  title = {Quick Start Guide},
  organization = {Texas Instruments},
  year = {2013}, 
  note = "\url{http://www.ti.com/lit/ml/slyw022/slyw022.pdf}"
}


@misc{apiroomba,
  author = {Gonçalo,Cabrita},
  title = {Roomba API},
  year = {2013},
  publisher = {WikiRos},
  journal = {Repositório WikiRos},
  howpublished = {\url{http://wiki.ros.org/Robots/Roomba}},
}


@misc{lrc,
  title = {LRC Meter},
  organization = {Wikipedia},
  year = {2014},
  note = "\url{http://en.wikipedia.org/wiki/LCR_meter}"
}


@misc{gitgon,
  author = {Gonçalo,Cabrita},
  title = {cereal port},
  year = {2013},
  publisher = {GitHub},
  journal = {Repositório GitHub},
  howpublished = {\url{https://github.com/goncabrita/cereal_port}},
  commit = {89a89b568764fc71402d7e0a9e33828a17635c3e}
}

@misc{gitbun,
  author = {Bruno, Gouveia},
  title = {frames id},
  year = {2014},
  publisher = {GitHub},
  journal = {Repositório GitHub (Contribuição)},
  howpublished = {\url{https://github.com/ras-sight/hratc2014_entry_template}},
  commit = {4ff15c3f4ab1a9239b83db6e8d1c2f5340473acc}
}

