@misc{wikiros,
  title = {Robot Operating System},
  howpublished = "\url{http://wiki.ros.org/}",
  year = {2007}, 
  note = "Hydro Edition"
}

@manual{ldc1000evm,
  title = {Quick Start Guide},
  organization = {Texas Instruments},
  year = {2013}, 
  note = "\url{http://www.ti.com/lit/ml/slyw022/slyw022.pdf}"
}


@manual{ldc1000_datasheet,
  title = {Datasheet LDC1000},
  organization = {Texas Instruments},
  year = {2013},
  note = "\url{http://www.ti.com/lit/ds/symlink/ldc1000.pdf}"
}